


@article{Amornbunchornvej_2019,
   title={Variable-Lag Granger Causality for Time Series Analysis},
   ISBN={9781728144931},
   url={http://dx.doi.org/10.1109/DSAA.2019.00016},
   DOI={10.1109/dsaa.2019.00016},
   journal={2019 IEEE International Conference on Data Science and Advanced Analytics (DSAA)},
   publisher={IEEE},
   author={Amornbunchornvej, Chainarong and Zheleva, Elena and Berger-Wolf, Tanya Y.},
   year={2019},
   month={Oct}
}